<?xml version="1.0" encoding="UTF-8"?><collection xmlns="http://www.loc.gov/MARC21/slim"><record><leader>00442nam--2200169-i-4500</leader><controlfield tag="001">000006401</controlfield><controlfield tag="002">20161230</controlfield><controlfield tag="005">20161230201026</controlfield><controlfield tag="008">060222s1000------------r-----000-0-eng-d</controlfield><datafield ind1=" " ind2=" " tag="040"><subfield code="a">IFIN-HH</subfield></datafield><datafield ind1=" " ind2=" " tag="080"><subfield code="a">53(076)</subfield></datafield><datafield ind1="1" ind2=" " tag="100"><subfield code="a">Pippard, A.B</subfield></datafield><datafield ind1="1" ind2="0" tag="245"><subfield code="a">Cavendish problems in classical physics</subfield><subfield code="c">A.b. pippard (ed.)</subfield></datafield><datafield ind1=" " ind2=" " tag="260"><subfield code="a">Cambridge</subfield><subfield code="b">The University Press</subfield><subfield code="c">1962</subfield></datafield><datafield ind1=" " ind2=" " tag="300"><subfield code="a">X+51P</subfield></datafield><datafield ind1=" " ind2=" " tag="852"><subfield code="a">18911</subfield><subfield code="c">53</subfield></datafield><datafield ind1=" " ind2=" " tag="CAT"><subfield code="a">Sys</subfield><subfield code="c">20150217</subfield><subfield code="h">210255</subfield></datafield></record></collection>